<?xml version="1.0" encoding="UTF-8"?><collection xmlns="http://www.loc.gov/MARC21/slim"><record><leader>00435nam--2200145-i-4500</leader><controlfield tag="001">000040182</controlfield><controlfield tag="002">20161230</controlfield><controlfield tag="005">20161230201042</controlfield><controlfield tag="008">060222s1000------------r-----000-0-eng-d</controlfield><datafield ind1=" " ind2=" " tag="100"><subfield code="a">Salles,F</subfield></datafield><datafield ind1=" " ind2=" " tag="245"><subfield code="a">Initiation au calcul operationnel et a ses applications techniques,</subfield></datafield><datafield ind1=" " ind2=" " tag="260"><subfield code="a">Paris, Dunod, 1955. X +56 P. Cu Fig</subfield></datafield><datafield ind1=" " ind2=" " tag="490"><subfield code="a">Bibliotheque De L`Enseignement Technique</subfield></datafield><datafield ind1=" " ind2=" " tag="852"><subfield code="a">11985</subfield><subfield code="c">517.43</subfield></datafield><datafield ind1=" " ind2=" " tag="CAT"><subfield code="a">Sys</subfield><subfield code="c">20080722</subfield><subfield code="h">131709</subfield></datafield></record></collection>